@inproceedings{stevenson2024open,
  title={Open source hardware whisker sensor},
  author={Stevenson, Robert and Paparas, Dimitris and Faris, Omar and Xu, Xiaoxian and Merchant, Catherine and Smith, Elliot and Nicholls, Benjamin and Fox, Charles},
  booktitle={Annual Conference Towards Autonomous Robotic Systems},
  pages={222--233},
  year={2024},
  organization={Springer}
}
